@Misc{Mattel,
  author       = {Mattel},
  howpublished = {online abgerufen (15.08.2022)},
  url          = {https://shopping.mattel.com/de-de/products/uno-kartenspiel-w2087-de-de},
}

@Misc{NuGet,
  author       = {Microsoft},
  howpublished = {online abgerufen am 16.08.2022},
  title        = {Eine Einf√ºhrung in NuGet},
  url          = {https://docs.microsoft.com/de-de/nuget/what-is-nuget},
}

@Misc{,
  author       = {Microsoft},
  howpublished = {online abgerufen am 22.08.2022},
  title        = {Desktop Guide (WPF .NET)},
  url          = {https://docs.microsoft.com/en-us/dotnet/desktop/wpf/overview/?view=netdesktop-6.0},
}

@Comment{jabref-meta: databaseType:bibtex;}
